% 2020
@article{pourhabibi2020fraud,
  title={Fraud detection: A systematic literature review of graph-based anomaly detection approaches},
  author={Pourhabibi, Tahereh and Ong, Kok-Leong and Kam, Booi H and Boo, Yee Ling},
  journal={Decision Support Systems},
  pages={113303},
  year={2020},
  publisher={Elsevier}
}


@article{qin2020attacking,
  title={Attacking the DeFi Ecosystem with Flash Loans for Fun and Profit},
  author={Qin, Kaihua and Zhou, Liyi and Livshits, Benjamin and Gervais, Arthur},
  journal={arXiv preprint arXiv:2003.03810},
  year={2020}
}

@article{liu2020first,
  title={A First Look into DeFi Oracles},
  author={Liu, Bowen and Szalachowski, Pawel},
  journal={arXiv preprint arXiv:2005.04377},
  year={2020}
}

@inproceedings{victor2020address,
  title={Address clustering heuristics for Ethereum},
  author={Victor, Friedhelm},
  booktitle={International Conference on Financial Cryptography and Data Security},
  pages={617--633},
  year={2020},
  organization={Springer}
}


@misc{algorithms-online,
	title={Algorithms, 4th Edition},
	author={Robert Sedgewick, Kevin Wayne},
	year={2020},
	howpublished = {\url{https://algs4.cs.princeton.edu/home/}},
	note = {Accessed: 2020-08-10}}

@misc{Uniswap-v1-whitepaper,
	Author = {Hayden Adams},
	Lastchecked = {2020-09-28},
	Title = {Uniswap Whitepaper},
	Url = {https://hackmd.io/@HaydenAdams/HJ9jLsfTz},
	Year = {2020}
}

@techreport{Uniswap-v2-whitepaper,
	Author = {Hayden Adams and Noah Zinsmeister and Dan Robinson},
	Institution = {Uniswap},
	Month = {March},
	Title = {Uniswap v2 Core},
	Url = {https://uniswap.org/whitepaper.pdf},
	Year = {2020}
}

@misc{cftc-cea,
	Author = {Commodity Futures Trading Commission (CFTC)},
	Lastchecked = {2020-09-28},
	Title = {Commodity Exchange Act \& Regulations},
	Url = {https://www.cftc.gov/LawRegulation/CommodityExchangeAct/index.htm},
	Year = {2020}
}

@misc{cftc-wash-trading,
	Author = {Commodity Futures Trading Commission (CFTC)},
	Lastchecked = {2020-09-28},
	Title = {CFTC Glossary -- Wash Trading},
	Url = {https://www.cftc.gov/LearnAndProtect/EducationCenter/CFTCGlossary/glossary_wxyz.html#washtrading},
	Year = {2020}
}

@misc{cea-full,
	Institution = {Cornell Law School},
	Lastchecked = {2020-09-28},
	Title = {7 U.S. Code CHAPTER 1---COMMODITY EXCHANGES},
	Url = {https://www.law.cornell.edu/uscode/text/7/chapter-1},
	Year = {2020}
}

@inproceedings{chen2020traveling,
  title={Traveling the token world: A graph analysis of Ethereum ERC20 token ecosystem},
  author={Chen, Weili and Zhang, Tuo and Chen, Zhiguang and Zheng, Zibin and Lu, Yutong},
  booktitle={Proceedings of The Web Conference 2020},
  pages={1411--1421},
  year={2020}
}



% 2019

@article{lin2019deconstructing,
  title={Deconstructing Decentralized Exchanges},
  author={Lin, Lindsay X and Budish, Eric and Cong, Lin William and He, Zhiguo and Bergquist, Jonatan H and Panesir, Mohit Singh and Kelly, Jack and Lauer, Michelle and Prinster, Ryan and Zhang, Stephenie and others},
  journal={Stanford Journal of Blockchain Law \& Policy},
  year={2019}
}


@article{angeris2019analysis,
  title={An analysis of Uniswap markets},
  author={Angeris, Guillermo and Kao, Hsien-Tang and Chiang, Rei and Noyes, Charlie and Chitra, Tarun},
  journal={Cryptoeconomic Systems Journal},
  year={2019}
}

@article{daian2019flash,
  title={Flash boys 2.0: Frontrunning, transaction reordering, and consensus instability in decentralized exchanges},
  author={Daian, Philip and Goldfeder, Steven and Kell, Tyler and Li, Yunqi and Zhao, Xueyuan and Bentov, Iddo and Breidenbach, Lorenz and Juels, Ari},
  journal={arXiv preprint arXiv:1904.05234},
  year={2019}
}

@article{cong2019crypto,
  title={Crypto Wash Trading},
  author={Cong, Lin William and Li, Xi and Tang, Ke and Yang, Yang},
  journal={Available at SSRN 3530220},
  year={2019}
}

@inproceedings{victor2019cryptocurrency,
  title={Cryptocurrency Pump and Dump Schemes: Quantification and Detection},
  author={Victor, Friedhelm and Hagemann, Tanja},
  booktitle={2019 International Conference on Data Mining Workshops (ICDMW)},
  pages={244--251},
  year={2019},
  organization={IEEE}
}

@inproceedings{xu2019anatomy,
  title={The anatomy of a cryptocurrency pump-and-dump scheme},
  author={Xu, Jiahua and Livshits, Benjamin},
  booktitle={28th $\{$USENIX$\}$ Security Symposium ($\{$USENIX$\}$ Security 19)},
  pages={1609--1625},
  year={2019}
}

@misc{bitwise2019fake,
  title={Presentation to the U.S. Securities and Exchange Commission},
  author={Fusaro, Teddy and Hougan, Matt},
  url={https://www.sec.gov/comments/sr-nysearca-2019-01/srnysearca201901-5164833-183434.pdf},
  year={2019},
  month={Mar}
}

@misc{coindesk2019fakevolume,
  title={For \$15K, He'll Fake Your Exchange Volume – You'll Get on CoinMarketCap},
  url={https://www.coindesk.com/for-15k-hell-fake-your-exchange-volume-youll-get-on-coinmarketcap},
  journal={CoinDesk},
  publisher={CoinDesk},
  author={Baydakova, Anna},
  year={2019},
  month={Jul}
}

@inproceedings{victor2019measuring,
  title={Measuring ethereum-based erc20 token networks},
  author={Victor, Friedhelm and L{\"u}ders, Bianca Katharina},
  booktitle={International Conference on Financial Cryptography and Data Security},
  pages={113--129},
  year={2019},
  organization={Springer}
}

@inproceedings{zamyatin2019XCLAIM,
	Author = {A. {Zamyatin} and D. {Harz} and J. {Lind} and P. {Panayiotou} and A. {Gervais} and W. {Knottenbelt}},
	Booktitle = {2019 IEEE Symposium on Security and Privacy (SP)},
	Doi = {10.1109/SP.2019.00085},
	Month = {May},
	Pages = {193-210},
	Title = {XCLAIM: Trustless, Interoperable, Cryptocurrency-Backed Assets},
	Year = {2019}
}

@techreport{Bitwise_paper1,
	Institution = {Bitwise Asset Management},
	Month = {May},
	Read = {1},
	Title = {Economic and Non-Economic Trading In Bitcoin - Exploring the Real Spot Market For The World's First Digital Commodity},
	Year = {2019}}

@techreport{Alameda-paper,
	Institution = {Alameda Research},
	Month = {July},
	Title = {Investigation into the Legitimacy of Reported Cryptocurrency Exchange Volume},
	Year = {2019}
}


@misc{website-okex-wash-trading,
	Author = {Paddy Baker},
	Lastchecked = {2020-08-15},
	Month = {03},
	Title = {OKEx Comes Clean On Wash Trading Problem},
	Url = {https://cryptobriefing.com/okex-wash-trading/},
	Year = {2019}
}

@techreport{IDEX-whitepaper-2,
	Date-Added = {2020-04-06 11:06:01 +0200},
	Date-Modified = {2020-08-11 17:36:50 +0200},
	Institution = {Aurora Labs},
	Keywords = {IDEX; DEX},
	Month = {10},
	Title = {IDEX 2.0: The Next Generation of Non-Custodial Trading},
	Year = {2019}}

@techreport{IDEX-whitepaper-1,
	Date-Added = {2020-04-06 11:03:53 +0200},
	Date-Modified = {2020-04-06 11:09:31 +0200},
	Institution = {Aurora Labs},
	Keywords = {IDEX; DEX},
	Month = {1},
	Title = {IDEX: A Real-Time and High-Throughput Ethereum Smart Contract Exchange},
	Year = {2019}}

% 2018

@inproceedings{somin2018network,
  title={Network analysis of erc20 tokens trading on ethereum blockchain},
  author={Somin, Shahar and Gordon, Goren and Altshuler, Yaniv},
  booktitle={International Conference on Complex Systems},
  pages={439--450},
  year={2018},
  organization={Springer}
}


@inproceedings{mccorry2018preventing,
  title={Why preventing a cryptocurrency exchange heist isn’t good enough},
  author={McCorry, Patrick and M{\"o}ser, Malte and Ali, Syed Taha},
  booktitle={Cambridge International Workshop on Security Protocols},
  pages={225--233},
  year={2018},
  organization={Springer}
}


@article{imisiker2018wash,
  title={Wash trades as a stock market manipulation tool},
  author={Imisiker, Serkan and Tas, Bedri Kamil Onur},
  journal={Journal of behavioral and experimental finance},
  volume={20},
  pages={92--98},
  year={2018},
  publisher={Elsevier}
}

@inproceedings{akhmedov2018wash,
  title={On Wash Trade Detection in Energy Markets.},
  author={Akhmedov, Umid},
  booktitle={EISIC},
  pages={65--68},
  year={2018}
}

@misc{website-sylvain-ribes-fake-volume,
	Author = {Sylvain Ribes},
	Lastchecked = {2020-08-15},
	Month = {03},
	Title = {Chasing fake volume: a crypto-plague},
	Url = {https://medium.com/@sylvainartplayribes/chasing-fake-volume-a-crypto-plague-ea1a3c1e0b5e},
	Year = {2018}}

@techreport{Galam-fake-volumes-2018,
	Author = {Eitan Galam},
	Keywords = {fake volume; wash trading},
	Month = {05},
	Title = {Quantifying fake volumes on cryptocurrency exchanges},
	Year = {2018}}

@techreport{Uniswap-formal-model-2018,
	Author = {Yi Zhang and Xiaohong Chen and Daejun Park},
	Institution = {Runtime Verification, Inc.},
	Month = {10},
	Title = {Formal Specification of Constant Product (x × y = k) Market Maker Model and Implementation},
	Url = {https://github.com/runtimeverification/verified-smart-contracts/blob/uniswap/uniswap/x-y-k.pdf},
	Year = {2018}}

% 2017

@article{collusive-cliques-2017,
	Author = {J Zhai and Y Cao and Y Yao and X Ding and Y Li},
	Doi = {10.1016/j.eswa.2016.10.051},
	Journal = {Expert Systems with Applications},
	Month = {March},
	Pages = {225--238},
	Publisher = {Elsevier},
	Title = {Coarse and fine identification of collusive clique in financial market},
	Url = {http://usir.salford.ac.uk/id/eprint/40456/},
	Volume = {69},
	Year = {2017},
	Bdsk-Url-1 = {http://usir.salford.ac.uk/id/eprint/40456/},
	Bdsk-Url-2 = {https://doi.org/10.1016/j.eswa.2016.10.051}}

% 2016

@article{cao2016detecting,
	Author = {Y. {Cao} and Y. {Li} and S. {Coleman} and A. {Belatreche} and T. M. {McGinnity}},
	Journal = {IEEE Transactions on Neural Networks and Learning Systems},
	Number = {11},
	Pages = {2351-2363},
	Title = {Detecting Wash Trade in Financial Market Using Digraphs and Dynamic Programming},
	Volume = {27},
	Year = {2016}}

% 2015

@article{cao2015detecting,
  title={Detecting wash trade in financial market using digraphs and dynamic programming},
  author={Cao, Yi and Li, Yuhua and Coleman, Sonya and Belatreche, Ammar and McGinnity, Thomas Martin},
  journal={IEEE transactions on neural networks and learning systems},
  volume={27},
  number={11},
  pages={2351--2363},
  year={2015},
  publisher={IEEE}
}

% 2014

@article{wood2014ethereum,
  title={Ethereum: A secure decentralised generalised transaction ledger},
  author={Wood, G.},
  journal={Ethereum project yellow paper},
  volume={151},
  pages={1--32},
  year={2014}
}

@inproceedings{cao2014detecting,
  title={Detecting wash trade in the financial market},
  author={Cao, Yi and Li, Yuhua and Coleman, Sonya and Belatreche, Ammar and McGinnity, Thomas Martin},
  booktitle={2014 IEEE Conference on Computational Intelligence for Financial Engineering \& Economics (CIFEr)},
  pages={85--91},
  year={2014},
  organization={IEEE}
}

% 2013

@url{cftc-cme-wash-legal-definition,
	Author = {Commodity Futures Trading Commission (CFTC)},
	Lastchecked = {2020-08-15},
	Title = {Letter of the CME Group to the CFTC, Re: Regulation 40.5(a) Rule Certification},
	Url = {https://www.cftc.gov/sites/default/files/stellent/groups/public/@rulesandproducts/documents/ifdocs/rul070913cmecbotnymexcomandkc1.pdf},
	Urldate = {2013}
}

@misc{cme-letter-wash-trading,
	Author = {CME Group},
	Lastchecked = {2020-09-28},
	Month = {July},
	Url = {https://www.cftc.gov/sites/default/files/stellent/groups/public/@rulesandproducts/documents/ifdocs/rul070913cmecbotnymexcomandkc1.pdf},
	Year = {2013}
}

% 2011

@article{collusive-cliques-2011,
	Author = {Wang, Junjie and Zhou, Shuigeng and Guan, Jihong},
	Doi = {10.1016/j.neucom.2011.11.022},
	Journal = {Neurocomputing},
	Month = {10},
	Title = {Detecting Collusive Cliques in Futures Markets Based on Trading Behaviors from Real Data},
	Volume = {92},
	Year = {2011},
	Bdsk-Url-1 = {https://doi.org/10.1016/j.neucom.2011.11.022}}

% 2010

@inproceedings{cao-2010-abnormal-coupled-sequences,
	Address = {New York, NY, USA},
	Author = {Cao, Longbing and Ou, Yuming and Yu, Philip S. and Wei, Gang},
	Booktitle = {Proceedings of the 16th ACM SIGKDD International Conference on Knowledge Discovery and Data Mining},
	Doi = {10.1145/1835804.1835818},
	Isbn = {9781450300551},
	Location = {Washington, DC, USA},
	Numpages = {10},
	Pages = {85--94},
	Publisher = {Association for Computing Machinery},
	Series = {KDD '10},
	Title = {Detecting Abnormal Coupled Sequences and Sequence Changes in Group-Based Manipulative Trading Behaviors},
	Url = {https://doi.org/10.1145/1835804.1835818},
	Year = {2010},
	Bdsk-Url-1 = {https://doi.org/10.1145/1835804.1835818}}

% 2008

@inproceedings{franke-2008-spectral-clustering,
	Author = {Franke, Markus and Hoser, Bettina and Schr{\"o}der, Jan},
	Booktitle = {Data Analysis, Machine Learning and Applications},
	Editor = {Preisach, Christine and Burkhardt, Hans and Schmidt-Thieme, Lars and Decker, Reinhold},
	Isbn = {978-3-540-78246-9},
	Pages = {355--362},
	Publisher = {Springer Berlin Heidelberg},
	Title = {On the Analysis of Irregular Stock Market Trading Behavior},
	Year = {2008}}


@article{nakamotobitcoin,
  title = {Bitcoin: A Peer-to-Peer Electronic Cash System},
  author = {Nakamoto, Satoshi},
  year = {2008}
}


% 2005

@inproceedings{collusion-graph-2005,
	Author = {Apte, Manoj and Palshikar, Girish},
	Month = {12},
	Title = {Collusion Set Detection using Graph Clustering},
	Year = {2005}}

% 2000

@book{harris2000combinatorics,
	Author = {John M. Harris and Jeffry L. Hirst and Michael J. Mossinghoff},
	Editor = {S. Axler and F.W. Gehring and K.A. Ribet},
	Publisher = {Springer, New York, NY},
	Title = {Combinatorics and Graph Theory},
	Year = {2000}}

% 1979

@book{bollobas1979graph,
	Author = {B{\'e}la Bollob{\'a}s},
	Publisher = {Springer, New York, NY},
	Title = {Graph Theory - An Introductory Course},
	Year = {1979}}


% other


@article{pump-dump-2019-li,
	Author = {Li, Tao and Shin, Donghwa and Wang, Baolian},
	Journal = {Available at SSRN 3267041},
	Title = {Cryptocurrency pump-and-dump schemes},
	Year = {2019}}

@article{pump-dump-2018-kamps,
	Author = {Kamps, Josh and Kleinberg, Bennett},
	Journal = {Crime Science},
	Number = {1},
	Pages = {18},
	Publisher = {Springer},
	Title = {To the moon: defining and detecting cryptocurrency pump-and-dumps},
	Volume = {7},
	Year = {2018}}

@article{price-manipulation-bitcoin-2018,
	Author = {Neil Gandal and JT Hamrick and Tyler Moore and Tali Oberman},
	Journal = {Journal of Monetary Economics},
	Month = {may},
	Pages = {86--96},
	Publisher = {Elsevier {BV}},
	Title = {Price manipulation in the Bitcoin ecosystem},
	Url = {https://doi.org/10.1016\%2Fj.jmoneco.2017.12.004},
	Volume = {95},
	Year = 2018}

@article{price-manipulation-bitcoin-2020,
	Author = {Griffin, John M. and Shams, Amin},
	Journal = {The Journal of Finance},
	Keywords = {market manipulation crypto},
	Number = {4},
	Pages = {1913-1964},
	Title = {Is Bitcoin Really Untethered?},
	Url = {https://onlinelibrary.wiley.com/doi/abs/10.1111/jofi.12903},
	Volume = {75},
	Year = {2020}}

@inproceedings{market-manipulation-bitcoin-2019,
	Author = {W. {Chen} and J. {Wu} and Z. {Zheng} and C. {Chen} and Y. {Zhou}},
	Booktitle = {IEEE INFOCOM 2019 - IEEE Conference on Computer Communications},
	Pages = {964-972},
	Title = {Market Manipulation of Bitcoin: Evidence from Mining the Mt. Gox Transaction Network},
	Year = {2019}}
